@article{realtime-qrs,
  title={A real-time {QRS} detection algorithm},
  author={Pan, Jiapu and Tompkins, Willis J},
  journal={IEEE transactions on biomedical engineering},
  number={3},
  pages={230--236},
  year={1985},
  publisher={IEEE}
}
@article{ecg-filter,
  title={{ECG} beat detection using filter banks},
  author={Afonso, Valtino X and Tompkins, Willis J and Nguyen, Truong Q and Luo, Shen},
  journal={IEEE transactions on biomedical engineering},
  volume={46},
  number={2},
  pages={192--202},
  year={1999},
  publisher={IEEE}
}
@article{k-means,
  title={An efficient k-means clustering algorithm: Analysis and implementation},
  author={Kanungo, Tapas and Mount, David M and Netanyahu, Nathan S and Piatko, Christine D and Silverman, Ruth and Wu, Angela Y},
  journal={IEEE transactions on pattern analysis and machine intelligence},
  volume={24},
  number={7},
  pages={881--892},
  year={2002},
  publisher={IEEE}
}
@article{analog-adcs,
  title={Analog front-end design for {ECG} systems using delta-sigma {ADCs}},
  author={Soundarapandian, K and Berarducci, M},
  journal={TI Rep. SBAA160A},
  pages={1--11},
  year={2010}
}
@article{langendorff,
  title={Isolated heart perfusion according to {Langendorff}--Still viable in the new millennium},
  author={Skrzypiec-Spring, Monika and Grotthus, Bartosz and Szelag, Adam and Schulz, Richard},
  journal={Journal of pharmacological and toxicological methods},
  volume={55},
  number={2},
  pages={113--126},
  year={2007},
  publisher={Elsevier}
}
@article{multisite-crt,
  title={A review of multisite pacing to achieve cardiac resynchronization therapy},
  author={Rinaldi, Christopher Aldo and Burri, Haran and Thibault, Bernard and Curnis, Antonio and Rao, Archana and Gras, Daniel and Sperzel, Johannes and Singh, Jagmeet P and Biffi, Mauro and Bordachar, Pierre and others},
  journal={EP Europace},
  volume = {17},
  number = {1},
  pages = {7},
  year = {2015},
}
@incollection{basic-pacing,
  title={Basic principles of pacing},
  author={Kirk, Malcolm},
  editor={Chow, Anthony W.C. and Buxton, Alfred E},
  booktitle={Implantable Cardiac Pacemakers and Defibrillators: All You Wanted to Know},
  publisher={Blackwell},
  pages={1--28},
  chapter={1},
  year={2006}
}
@article{death-stats,
  title={Changes in the leading cause of death: recent patterns in heart disease and cancer mortality},
  author={Heron, Melonie and Anderson, Robert N},
  journal={NCHS data brief},
  volume={254},
  pages={1--6},
  year={2016}
}
@article{patient-adaptable,
  title={A patient-adaptable {ECG} beat classifier using a mixture of experts approach},
  author={Hu, Yu Hen and Palreddy, Surekha and Tompkins, Willis J},
  journal={IEEE transactions on biomedical engineering},
  volume={44},
  number={9},
  pages={891--900},
  year={1997},
  publisher={IEEE}
}
@book{cardiac-cycle,  
title={Medical Physiology}, 
booktitle={A cellular and molecular approach},
publisher={Elsevier},
author={Boron, Walter and Boulpaep, Emile}, 
year={2016}
}
